@misc{pros-and-cons-of-running-all-docker-swarm-nodes-as-managers,
  author = {Bret Fisher},
  title = {Pros and cons of all managers as workers in Swarm},
  howpublished = {https://stackoverflow.com/questions/48853473/pros-and-cons-of-running-all-docker-swarm-nodes-as-managers},
  year = 2018,
}
@misc{Standard-search,
  author = {Developer.twitter.com.},
  title = {Standard search},
  howpublished = {https://developer.twitter.com/en/docs/tweets/search/overview/standard},
  year = 2018,
}
@misc{streaming-data,
  author = {Developer.twitter.com},
  title = {Consuming streaming data},
  howpublished = {https://developer.twitter.com/en/docs/tutorials/consuming-streaming-data},
  year = 2018,
}